@inproceedings{hunter2011dynamic,
  title={Dynamic egocentric models for citation networks},
  author={Hunter, David and Smyth, Padhraic and Vu, Duy Q and Asuncion, Arthur U},
  booktitle={Proceedings of the 28th International Conference on Machine Learning (ICML-11)},
  pages={857--864},
  year={2011}
}

@article{fowler2006legislative,
  title={Legislative cosponsorship networks in the US House and Senate},
  author={Fowler, James H},
  journal={Social Networks},
  volume={28},
  number={4},
  pages={454--465},
  year={2006},
  publisher={Elsevier}
}

@article{butts2008,
  title={A relational event framework for social action},
  author={Butts, Carter T},
  journal={Sociological Methodology},
  volume={38},
  number={1},
  pages={155--200},
  year={2008},
  publisher={SAGE Publications Sage CA: Los Angeles, CA}
}

@article{hanneke2010discrete,
  title={Discrete temporal models of social networks},
  author={Hanneke, Steve and Fu, Wenjie and Xing, Eric P and others},
  journal={Electronic Journal of Statistics},
  volume={4},
  pages={585--605},
  year={2010},
  publisher={The Institute of Mathematical Statistics and the Bernoulli Society}
}

@article{cranmer2014reciprocity,
  title={Reciprocity and the structural determinants of the international sanctions network},
  author={Cranmer, Skyler J and Heinrich, Tobias and Desmarais, Bruce A},
  journal={Social Networks},
  volume={36},
  pages={5--22},
  year={2014},
  publisher={Elsevier}
}

@article{partzsch2012developing,
  title={Developing structural constraints on connectivity for biologically embedded neural networks},
  author={Partzsch, Johannes and Sch{\"u}ffny, Ren{\'e}},
  journal={Biological cybernetics},
  volume={106},
  number={3},
  pages={191--200},
  year={2012},
  publisher={Springer}
}

@article{newman2002email,
  title={Email networks and the spread of computer viruses},
  author={Newman, Mark EJ and Forrest, Stephanie and Balthrop, Justin},
  journal={Physical Review E},
  volume={66},
  number={3},
  pages={035101},
  year={2002},
  publisher={APS}
}

@article{neal2015exact,
	title={Exact Bayesian inference via data augmentation},
	author={Neal, Peter and Kypraios, Theodore},
	journal={Statistics and Computing},
	volume={25},
	number={2},
	pages={333--347},
	year={2015},
	publisher={Springer}
}

@book{geweke1991evaluating,
	title={Evaluating the Accuracy of Sampling-based Approaches to the Calculation of Posterior Moments},
	author={Geweke, John and others},
	volume={196},
	year={1991},
	publisher={Federal Reserve Bank of Minneapolis, Research Department Minneapolis, MN, USA}
}
@article{zhao2016bayesian,
	title={Bayesian analysis of continuous time Markov chains with application to phylogenetic modelling},
	author={Zhao, Tingting and Wang, Ziyu and Cumberworth, Alexander and Gsponer, Joerg and de Freitas, Nando and Bouchard-C{\^o}t{\'e}, Alexandre and others},
	journal={Bayesian Analysis},
	volume={11},
	number={4},
	pages={1203--1237},
	year={2016},
	publisher={International Society for Bayesian Analysis}
}

@article{blattner2009b,
	title={B-rank: A top N recommendation algorithm},
	author={Blattner, Marcel},
	journal={arXiv preprint arXiv:0908.2741},
	year={2009}
}

@article{zhang2010personalized,
	title={Personalized recommendation via integrated diffusion on user--item--tag tripartite graphs},
	author={Zhang, Zi-Ke and Zhou, Tao and Zhang, Yi-Cheng},
	journal={Physica A: Statistical Mechanics and its Applications},
	volume={389},
	number={1},
	pages={179--186},
	year={2010},
	publisher={Elsevier}
}

@article{klamt2009hypergraphs,
	title={Hypergraphs and cellular networks},
	author={Klamt, Steffen and Haus, Utz-Uwe and Theis, Fabian},
	journal={PLoS computational biology},
	volume={5},
	number={5},
	pages={e1000385},
	year={2009},
	publisher={Public Library of Science}
}

@article{ghoshal2009random,
	title={Random hypergraphs and their applications},
	author={Ghoshal, Gourab and Zlati{\'c}, Vinko and Caldarelli, Guido and Newman, MEJ},
	journal={Physical Review E},
	volume={79},
	number={6},
	pages={066118},
	year={2009},
	publisher={APS}
}
@article{zlatic2009hypergraph,
	title={Hypergraph topological quantities for tagged social networks},
	author={Zlati{\'c}, Vinko and Ghoshal, Gourab and Caldarelli, Guido},
	journal={Physical Review E},
	volume={80},
	number={3},
	pages={036118},
	year={2009},
	publisher={APS}
}
@article{zhang2010hypergraph,
	title={A hypergraph model of social tagging networks},
	author={Zhang, Zi-Ke and Liu, Chuang},
	journal={Journal of Statistical Mechanics: Theory and Experiment},
	volume={2010},
	number={10},
	pages={P10005},
	year={2010},
	publisher={IOP Publishing}
}

@article{karypis1999multilevel,
	title={Multilevel hypergraph partitioning: applications in VLSI domain},
	author={Karypis, George and Aggarwal, Rajat and Kumar, Vipin and Shekhar, Shashi},
	journal={IEEE Transactions on Very Large Scale Integration (VLSI) Systems},
	volume={7},
	number={1},
	pages={69--79},
	year={1999},
	publisher={IEEE}
}

@inproceedings{fan2009learning,
	title={Learning continuous-time social network dynamics},
	author={Fan, Yu and Shelton, Christian R},
	booktitle={Proceedings of the Twenty-Fifth Conference on Uncertainty in Artificial Intelligence},
	pages={161--168},
	year={2009},
	organization={AUAI Press}
}


@book{rizopoulos2012joint,
	title={Joint Models for Longitudinal and Time-to-event Data: With Applications in R},
	author={Rizopoulos, Dimitris},
	year={2012},
	publisher={CRC Press}
}

@article{rao2000applied,
	title={Applied survival analysis: regression modeling of time to event data},
	author={Rao, PV},
	journal={Journal of the American Statistical Association},
	volume={95},
	number={450},
	pages={681--681},
	year={2000},
	publisher={American Statistical Association}
}

@book{nelder1972generalized,
	title={Genealized Linear Models},
	author={Nelder, John Ashworth and Baker, R Jacob},
	year={1972},
	publisher={Wiley Online Library}
}

@article{dai2013multivariate,
	title={Multivariate bernoulli distribution},
	author={Dai, Bin and Ding, Shilin and Wahba, Grace and others},
	journal={Bernoulli},
	volume={19},
	number={4},
	pages={1465--1483},
	year={2013},
	publisher={Bernoulli Society for Mathematical Statistics and Probability}
}

@incollection{snijders2017modeling,
  title={Modeling the coevolution of networks and behavior},
  author={Snijders, Tom and Steglich, Christian and Schweinberger, Michael},
  booktitle={Longitudinal models in the behavioral and related sciences},
  pages={41--71},
  year={2017},
  publisher={Routledge}
}

@book{snijders2007modeling,
  title={Modeling the Coevolution of Networks and Behavior},
  author={Snijders, Tom and Steglich, Christian and Schweinberger, Michael},
  year={2007},
  publisher={na}
}

@article{tanner1987calculation,
	title={The calculation of posterior distributions by data augmentation},
	author={Tanner, Martin A and Wong, Wing Hung},
	journal={Journal of the American statistical Association},
	volume={82},
	number={398},
	pages={528--540},
	year={1987},
	publisher={Taylor \& Francis Group}
}


@article{ben2017transparency,
  title={Transparency by conformity: A field experiment evaluating openness in local governments},
  author={ben{-}Aaron, James and Denny, Matthew and Desmarais, Bruce and Wallach, Hanna},
  journal={Public Administration Review},
  volume={77},
  number={1},
  pages={68--77},
  year={2017},
  publisher={Wiley Online Library}
}

@article{rubin1984bayesianly,
  title={Bayesianly justifiable and relevant frequency calculations for the applied statistician},
  author={Rubin, Donald B and others},
  journal={The Annals of Statistics},
  volume={12},
  number={4},
  pages={1151--1172},
  year={1984},
  publisher={Institute of Mathematical Statistics}
}

@book{altman2004numerical,
  title={Numerical Issues in Statistical Computing for the Social Scientist},
  author={Altman, Micah and Gill, Jeff and McDonald, Michael P},
  volume={508},
  year={2004},
  publisher={John Wiley \& Sons}
}

@article{mccullough2009accuracy,
  title={The accuracy of econometric software},
  author={McCullough, Bruce D},
  journal={Handbook of computational econometrics},
  pages={55--79},
  year={2009},
  publisher={John Wiley \& Sons, Ltd., West Sussex}
}

@article{geweke2004getting,
	title={Getting it right: Joint distribution tests of posterior simulators},
	author={Geweke, John},
	journal={Journal of the American Statistical Association},
	volume={99},
	number={467},
	pages={799--804},
	year={2004},
	publisher={Taylor \& Francis}
}

@ARTICLE{PerryWolfe2012,
author = {Perry, Patrick O. and Wolfe, Patrick J.},
title = {Point process modelling for directed interaction networks},
journal = {Journal of the Royal Statistical Society: Series B (Statistical Methodology)},
volume = {75},
number = {5},
issn = {1467-9868},
doi = {10.1111/rssb.12013},
pages = {821--849},
keywords = {Cox proportional hazards model, Network data analysis, Partial likelihood inference, Point processes},
year = {2013},
}

@article{airoldi2008mixed,
  title={Mixed membership stochastic blockmodels},
  author={Airoldi, Edoardo M and Blei, David M and Fienberg, Stephen E and Xing, Eric P},
  journal={Journal of Machine Learning Research},
  volume={9},
  number={Sep},
  pages={1981--2014},
  year={2008}
}

@article{matias2017statistical,
  title={Statistical clustering of temporal networks through a dynamic stochastic block model},
  author={Matias, Catherine and Miele, Vincent},
  journal={Journal of the Royal Statistical Society: Series B (Statistical Methodology)},
  volume={79},
  number={4},
  pages={1119--1141},
  year={2017},
  publisher={Wiley Online Library}
}

@article{holland1983stochastic,
  title={Stochastic blockmodels: First steps},
  author={Holland, Paul W and Laskey, Kathryn Blackmond and Leinhardt, Samuel},
  journal={Social networks},
  volume={5},
  number={2},
  pages={109--137},
  year={1983},
  publisher={Elsevier}
}


@article{ward2013gravity,
  title={Gravity's rainbow: A dynamic latent space model for the world trade network},
  author={Ward, Michael D and Ahlquist, John S and Rozenas, Arturas},
  journal={Network Science},
  volume={1},
  number={1},
  pages={95--118},
  year={2013},
  publisher={Cambridge University Press}
}

@article{sewell2015latent,
  title={Latent space models for dynamic networks},
  author={Sewell, Daniel K and Chen, Yuguo},
  journal={Journal of the American Statistical Association},
  volume={110},
  number={512},
  pages={1646--1657},
  year={2015},
  publisher={Taylor \& Francis}
}
@article{sarkar2005dynamic,
	title={Dynamic social network analysis using latent space models},
	author={Sarkar, Purnamrita and Moore, Andrew W},
	journal={ACM SIGKDD Explorations Newsletter},
	volume={7},
	number={2},
	pages={31--40},
	year={2005},
	publisher={ACM}
}

@article{minhas2016inferential,
  title={Inferential approaches for network analyses: AMEN for latent factor models},
  author={Minhas, Shahryar and Hoff, Peter D and Ward, Michael D},
  journal={arXiv preprint arXiv:1611.00460},
  year={2016}
}

@article{hoff2002,
	title = {Latent space approaches to social network analysis},
	volume = {97},
	issn = {0162-1459},
	url = {http://www.tandfonline.com/doi/abs/10.1198/016214502388618906},
	doi = {10.1198/016214502388618906},
	abstract = {Network models are widely used to represent relational information among interacting units. In studies of social networks, recent emphasis has been placed on random graph models where the nodes usually represent individual social actors and the edges represent the presence of a specified relation between actors. We develop a class of models where the probability of a relation between actors depends on the positions of individuals in an unobserved ?social space.? We make inference for the social space within maximum likelihood and Bayesian frameworks, and propose Markov chain Monte Carlo procedures for making inference on latent positions and the effects of observed covariates. We present analyses of three standard datasets from the social networks literature, and compare the method to an alternative stochastic blockmodeling approach. In addition to improving on model fit for these datasets, our method provides a visual and interpretable model-based spatial representation of social relationships and improves on existing methods by allowing the statistical uncertainty in the social space to be quantified and graphically represented.},
	number = {460},
	urldate = {2014-01-25},
	journal = {Journal of the American Statistical Association},
	author = {Hoff, Peter D and Raftery, Adrian E and Handcock, Mark S},
	year = {2002},
	pages = {1090--1098},
},

@incollection{Vu2011,
title = {Continuous-time regression models for longitudinal networks},
author = {Duy Q. Vu and David Hunter and Padhraic Smyth and Arthur U. Asuncion},
booktitle = {Advances in Neural Information Processing Systems 24},
editor = {J. Shawe-Taylor and R.S. Zemel and P.L. Bartlett and F. Pereira and K.Q. Weinberger},
pages = {2492--2500},
year = {2011},
publisher = {Curran Associates, Inc.},
}

@article{snijders1996stochastic,
	title={Stochastic actor-oriented models for network change},
	author={Snijders, Tom AB},
	journal={Journal of mathematical sociology},
	volume={21},
	number={1-2},
	pages={149--172},
	year={1996},
	publisher={Taylor \& Francis}
}
@inproceedings{fellows2017removing,
	title={Removing phase transitions from Gibbs measures},
	author={Fellows, Ian and Handcock, Mark},
	booktitle={Artificial Intelligence and Statistics},
	pages={289--297},
	year={2017}
}
