@article{squartini2013reciprocity,
	title={Reciprocity of weighted networks},
	author={Squartini, Tiziano and Picciolo, Francesco and Ruzzenenti, Franco and Garlaschelli, Diego},
	journal={Scientific reports},
	volume={3},
	pages={2729},
	year={2013},
	publisher={Nature Publishing Group}
}

@book{rizopoulos2012joint,
	title={Joint models for longitudinal and time-to-event data: With applications in R},
	author={Rizopoulos, Dimitris},
	year={2012},
	publisher={CRC Press}
}

@article{rao2000applied,
	title={Applied survival analysis: regression modeling of time to event data},
	author={Rao, PV},
	journal={Journal of the American Statistical Association},
	volume={95},
	number={450},
	pages={681--681},
	year={2000},
	publisher={American Statistical Association}
}

@book{nelder1972generalized,
	title={Generalized linear models},
	author={Nelder, John Ashworth and Baker, R Jacob},
	year={1972},
	publisher={Wiley Online Library}
}

@article{dai2013multivariate,
	title={Multivariate bernoulli distribution},
	author={Dai, Bin and Ding, Shilin and Wahba, Grace and others},
	journal={Bernoulli},
	volume={19},
	number={4},
	pages={1465--1483},
	year={2013},
	publisher={Bernoulli Society for Mathematical Statistics and Probability}
}

@book{snijders2007modeling,
  title={Modeling the coevolution of networks and behavior},
  author={Snijders, Tom and Steglich, Christian and Schweinberger, Michael},
  year={2007},
  publisher={na}
}

@article{morgan2014threat,
	title={Threat and imposition of economic sanctions 1945--2005: Updating the TIES dataset},
	author={Morgan, T Clifton and Bapat, Navin and Kobayashi, Yoshiharu},
	journal={Conflict Management and Peace Science},
	volume={31},
	number={5},
	pages={541--558},
	year={2014},
	publisher={Sage Publications Sage UK: London, England}
}
@inproceedings{klimt2004introducing,
	title={Introducing the Enron Corpus.},
	author={Klimt, Bryan and Yang, Yiming},
	booktitle={CEAS},
	year={2004}
}
@article{tanner1987calculation,
	title={The calculation of posterior distributions by data augmentation},
	author={Tanner, Martin A and Wong, Wing Hung},
	journal={Journal of the American statistical Association},
	volume={82},
	number={398},
	pages={528--540},
	year={1987},
	publisher={Taylor \& Francis Group}
}

@article{snijders2010introduction,
  title={Introduction to stochastic actor-based models for network dynamics},
  author={Snijders, Tom AB and Van de Bunt, Gerhard G and Steglich, Christian EG},
  journal={Social networks},
  volume={32},
  number={1},
  pages={44--60},
  year={2010},
  publisher={Elsevier}
}

@inproceedings{bilgic2010active,
  title={Active learning for networked data},
  author={Bilgic, Mustafa and Mihalkova, Lilyana and Getoor, Lise},
  booktitle={Proceedings of the 27th international conference on machine learning (ICML-10)},
  pages={79--86},
  year={2010}
}

@inproceedings{richardson2006beyond,
  title={Beyond PageRank: machine learning for static ranking},
  author={Richardson, Matthew and Prakash, Amit and Brill, Eric},
  booktitle={Proceedings of the 15th international conference on World Wide Web},
  pages={707--715},
  year={2006},
  organization={ACM}
}

@inproceedings{mimno2011bayesian,
	title={Bayesian checking for topic models},
	author={Mimno, David and Blei, David},
	booktitle={Proceedings of the Conference on Empirical Methods in Natural Language Processing},
	pages={227--237},
	year={2011},
	organization={Association for Computational Linguistics}
}
@article{hand2001simple,
	title={A simple generalisation of the area under the ROC curve for multiple class classification problems},
	author={Hand, David J and Till, Robert J},
	journal={Machine learning},
	volume={45},
	number={2},
	pages={171--186},
	year={2001},
	publisher={Springer}
}
@article{szostek2011dealing,
  title={?Dealing with My Emails?: Latent user needs in email management.},
  author={Sz{\'o}stek, Agnieszka Matysiak},
  journal={Computers in Human Behavior},
  volume={27},
  number={2},
  pages={723--729},
  year={2011},
  publisher={Elsevier}
}
@inproceedings{mimno2011optimizing,
	title={Optimizing semantic coherence in topic models},
	author={Mimno, David and Wallach, Hanna M and Talley, Edmund and Leenders, Miriam and McCallum, Andrew},
	booktitle={Proceedings of the conference on empirical methods in natural language processing},
	pages={262--272},
	year={2011},
	organization={Association for Computational Linguistics}
}
@article{ben2017transparency,
  title={Transparency by Conformity: A Field Experiment Evaluating Openness in Local Governments},
  author={ben-Aaron, James and Denny, Matthew and Desmarais, Bruce and Wallach, Hanna},
  journal={Public Administration Review},
  volume={77},
  number={1},
  pages={68--77},
  year={2017},
  publisher={Wiley Online Library}
}

@article{rubin1984bayesianly,
  title={Bayesianly justifiable and relevant frequency calculations for the applied statistician},
  author={Rubin, Donald B and others},
  journal={The Annals of Statistics},
  volume={12},
  number={4},
  pages={1151--1172},
  year={1984},
  publisher={Institute of Mathematical Statistics}
}

@article{lin2010measuring,
  title={Measuring agility of networked organizational structures via network entropy and mutual information},
  author={Lin, Yuan and Desouza, Kevin C and Roy, Sumit},
  journal={Applied Mathematics and Computation},
  volume={216},
  number={10},
  pages={2824--2836},
  year={2010},
  publisher={Elsevier}
}

@article{iribarren2011branching,
  title={Branching dynamics of viral information spreading},
  author={Iribarren, Jos{\'e} Luis and Moro, Esteban},
  journal={Physical Review E},
  volume={84},
  number={4},
  pages={046116},
  year={2011},
  publisher={APS}
}

@article{roca2010topological,
  title={Topological traps control flow on real networks: The case of coordination failures},
  author={Roca, Carlos P and Lozano, Sergi and Arenas, Alex and S{\'a}nchez, Angel},
  journal={PLoS One},
  volume={5},
  number={12},
  pages={e15210},
  year={2010},
  publisher={Public Library of Science}
}

@article{tadic2004information,
  title={Information super-diffusion on structured networks},
  author={Tadi{\'c}, Bosiljka and Thurner, Stefan},
  journal={Physica A: Statistical Mechanics and its Applications},
  volume={332},
  pages={566--584},
  year={2004},
  publisher={Elsevier}
}

@book{altman2004numerical,
  title={Numerical issues in statistical computing for the social scientist},
  author={Altman, Micah and Gill, Jeff and McDonald, Michael P},
  volume={508},
  year={2004},
  publisher={John Wiley \& Sons}
}

@article{mccullough2009accuracy,
  title={The accuracy of econometric software},
  author={McCullough, Bruce D},
  journal={Handbook of computational econometrics},
  pages={55--79},
  year={2009},
  publisher={John Wiley \& Sons, Ltd., West Sussex}
}

@article{barabasi1999emergence,
  title={Emergence of scaling in random networks},
  author={Barab{\'a}si, Albert-L{\'a}szl{\'o} and Albert, R{\'e}ka},
  journal={science},
  volume={286},
  number={5439},
  pages={509--512},
  year={1999},
  publisher={American Association for the Advancement of Science}
}

@article{burda2004network,
  title={Network transitivity and matrix models},
  author={Burda, Zdzislaw and Jurkiewicz, Jerzy and Krzywicki, Andr{\'e}},
  journal={Physical Review E},
  volume={69},
  number={2},
  pages={026106},
  year={2004},
  publisher={APS}
}

@article{louch2000personal,
  title={Personal network integration: transitivity and homophily in strong-tie relations},
  author={Louch, Hugh},
  journal={Social networks},
  volume={22},
  number={1},
  pages={45--64},
  year={2000},
  publisher={Elsevier}
}

@article{rao1987measures,
  title={Measures of reciprocity in a social network},
  author={Rao, A Ramachandra and Bandyopadhyay, Suraj},
  journal={Sankhy{\=a}: The Indian Journal of Statistics, Series A},
  pages={141--188},
  year={1987},
  publisher={JSTOR}
}

@article{hammer1985implications,
  title={Implications of behavioral and cognitive reciprocity in social network data},
  author={Hammer, Muriel},
  journal={Social Networks},
  volume={7},
  number={2},
  pages={189--201},
  year={1985},
  publisher={Elsevier}
}

@article{vazquez2003growing,
  title={Growing network with local rules: Preferential attachment, clustering hierarchy, and degree correlations},
  author={V{\'a}zquez, Alexei},
  journal={Physical Review E},
  volume={67},
  number={5},
  pages={056104},
  year={2003},
  publisher={APS}
}

@article{jeong2003measuring,
  title={Measuring preferential attachment in evolving networks},
  author={Jeong, Hawoong and N{\'e}da, Zoltan and Barab{\'a}si, Albert-L{\'a}szl{\'o}},
  journal={EPL (Europhysics Letters)},
  volume={61},
  number={4},
  pages={567},
  year={2003},
  publisher={IOP Publishing}
}

@inproceedings{mccallum2005author,
  title={The Author-Recipient-Topic Model for Topic and Role Discovery in Social Networks, with Application to Enron and Academic Email},
  author={McCallum, Andrew and Corrada-Emmanuel, Andr{\'e}s and Wang, Xuerui},
  booktitle={Workshop on Link Analysis, Counterterrorism and Security},
  pages={33},
  year={2005}
}

@inproceedings{lim2013twitter,
  title={Twitter-Network Topic Model: A Full Bayesian Treatment for Social Network and Text Modeling},
  author={Lim, Kar Wai and Chen, Changyou and Buntine, Wray},
  booktitle={NIPS2013 Topic Model workshop},
  pages={1--5},
  year={2013}
}

@article{yoon2014strategies,
  title={Strategies affecting Twitter-based networking pattern of South Korean politicians: social network analysis and exponential random graph model},
  author={Yoon, Ho Young and Park, Han Woo},
  journal={Quality \& Quantity},
  pages={1--15},
  year={2014},
  publisher={Springer}
}

@article{peng2016follower,
  title={Follower-followee network, communication networks, and vote agreement of the US members of congress},
  author={Peng, Tai-Quan and Liu, Mengchen and Wu, Yingcai and Liu, Shixia},
  journal={Communication Research},
  volume={43},
  number={7},
  pages={996--1024},
  year={2016},
  publisher={SAGE Publications Sage CA: Los Angeles, CA}
}

@article{lai2017connecting,
  title={Connecting the dots: A longitudinal observation of relief organizations' representational networks on social media},
  author={Lai, Chih-Hui and She, Bing and Tao, Chen-Chao},
  journal={Computers in Human Behavior},
  volume={74},
  pages={224--234},
  year={2017},
  publisher={Elsevier}
}


@article{kronegger2011collaboration,
  title={Collaboration structures in Slovenian scientific communities},
  author={Kronegger, Luka and Mali, Franc and Ferligoj, Anu{\v{s}}ka and Doreian, Patrick},
  journal={Scientometrics},
  volume={90},
  number={2},
  pages={631--647},
  year={2011},
  publisher={Akad{\'e}miai Kiad{\'o}, co-published with Springer Science+ Business Media BV, Formerly Kluwer Academic Publishers BV}
}

@inproceedings{liang2015changing,
  title={The Changing Impact of Geographic Distance: A Preliminary Analysis on the Co-author Networks in Scientometrics (1983-2013)},
  author={Liang, Xiao},
  booktitle={System Sciences (HICSS), 2015 48th Hawaii International Conference on},
  pages={722--731},
  year={2015},
  organization={IEEE}
}

@article{fahmy2016gender,
  title={Gender Inequality and Knowledge Production in Criminology and Criminal Justice},
  author={Fahmy, Chantal and Young, Jacob TN},
  journal={Journal of Criminal Justice Education},
  pages={1--21},
  year={2016},
  publisher={Taylor \& Francis}
}

@article{cranmer2012complex,
  title={Complex dependencies in the alliance network},
  author={Cranmer, Skyler J and Desmarais, Bruce A and Menninga, Elizabeth J},
  journal={Conflict Management and Peace Science},
  volume={29},
  number={3},
  pages={279--313},
  year={2012},
  publisher={Sage Publications Sage UK: London, England}
}

@article{cranmer2012toward,
  title={Toward a network theory of alliance formation},
  author={Cranmer, Skyler J and Desmarais, Bruce A and Kirkland, Justin H},
  journal={International Interactions},
  volume={38},
  number={3},
  pages={295--324},
  year={2012},
  publisher={Taylor \& Francis}
}

@article{kinne2016agreeing,
  title={Agreeing to arm: Bilateral weapons agreements and the global arms trade},
  author={Kinne, Brandon J},
  journal={Journal of Peace Research},
  volume={53},
  number={3},
  pages={359--377},
  year={2016},
  publisher={SAGE Publications Sage UK: London, England}
}

@article{camber2010geometry,
  title={The geometry of security: Modeling interstate alliances as evolving networks},
  author={Camber Warren, T},
  journal={Journal of Peace Research},
  volume={47},
  number={6},
  pages={697--709},
  year={2010},
  publisher={Sage Publications Sage UK: London, England}
}

@article{aleman2013explaining,
  title={Explaining policy ties in presidential congresses: A network analysis of bill initiation data},
  author={Alem{\'a}n, Eduardo and Calvo, Ernesto},
  journal={Political Studies},
  volume={61},
  number={2},
  pages={356--377},
  year={2013},
  publisher={SAGE Publications}
}

@article{bratton2011networks,
  title={Networks in the legislative arena: How group dynamics affect cosponsorship},
  author={Bratton, Kathleen A and Rouse, Stella M},
  journal={Legislative Studies Quarterly},
  volume={36},
  number={3},
  pages={423--460},
  year={2011},
  publisher={Wiley Online Library}
}




@article{geweke2004getting,
	title={Getting it right: Joint distribution tests of posterior simulators},
	author={Geweke, John},
	journal={Journal of the American Statistical Association},
	volume={99},
	number={467},
	pages={799--804},
	year={2004},
	publisher={Taylor \& Francis}
}
@article{fog2008sampling,
	title={Sampling methods for Wallenius' and Fisher's noncentral hypergeometric distributions},
	author={Fog, Agner},
	journal={Communications in Statistics—Simulation and Computation{\textregistered}},
	volume={37},
	number={2},
	pages={241--257},
	year={2008},
	publisher={Taylor \& Francis}
}
@inproceedings{burgess2004email,
  title={Email overload: Tolerance levels of employees within the workplace},
  author={Burgess, Anthony and Jackson, Thomas and Edwards, Janet},
  booktitle={Innovations Through Information Technology: 2004 Information Resources Management Association International Conference, New Orleans, Louisiana, USA, May 23-26, 2004},
  volume={1},
  pages={205},
  year={2004},
  organization={IGI Global}
}

@article{kanungo2008modeling,
  title={Modeling email use: a case of email system transition},
  author={Kanungo, Shivraj and Jain, Vikas},
  journal={System Dynamics Review},
  volume={24},
  number={3},
  pages={299--319},
  year={2008},
  publisher={Wiley Online Library}
}

@article{pew2016,
  title={Social Media Fact Sheet},
  author={Research Center Pew},
  journal={Accessed on 03/07/17},
  year={2016},
}

@article{robins2007introduction,
  title={An introduction to exponential random graph (p*) models for social networks},
  author={Robins, Garry and Pattison, Pip and Kalish, Yuval and Lusher, Dean},
  journal={Social networks},
  volume={29},
  number={2},
  pages={173--191},
  year={2007},
  publisher={Elsevier}
}

@article{hunter2008ergm,
  title={ergm: A package to fit, simulate and diagnose exponential-family models for networks},
  author={Hunter, David R and Handcock, Mark S and Butts, Carter T and Goodreau, Steven M and Morris, Martina},
  journal={Journal of statistical software},
  volume={24},
  number={3},
  pages={nihpa54860},
  year={2008},
  publisher={NIH Public Access}
}

@article{chatterjee2013estimating,
  title={Estimating and understanding exponential random graph models},
  author={Chatterjee, Sourav and Diaconis, Persi and others},
  journal={The Annals of Statistics},
  volume={41},
  number={5},
  pages={2428--2461},
  year={2013},
  publisher={Institute of Mathematical Statistics}
}

@incollection{desmarais2017statistical,
  author      = {Desmarais, Bruce A. and Skyler J. Cranmer},
  title       = {Statistical Inference in Political Networks Research},
  editor      = {Jennifer Nicoll Victor and Alexander H. Montgomery and Mark Lubell},
  booktitle   = {The Oxford Handbook of Political Networks},
  publisher   = {Oxford University Press},
  year        = {2017},
}

@ARTICLE{PerryWolfe2012,
author = {Perry, Patrick O. and Wolfe, Patrick J.},
title = {Point process modelling for directed interaction networks},
journal = {Journal of the Royal Statistical Society: Series B (Statistical Methodology)},
volume = {75},
number = {5},
issn = {1467-9868},
doi = {10.1111/rssb.12013},
pages = {821--849},
keywords = {Cox proportional hazards model, Network data analysis, Partial likelihood inference, Point processes},
year = {2013},
}
@phdthesis{wallach2008structured,
	title={Structured topic models for language},
	author={Wallach, Hanna Megan},
	year={2008},
	school={University of Cambridge}
}
@inproceedings{zhou2015infinite,
	title={Infinite Edge Partition Models for Overlapping Community Detection and Link Prediction.},
	author={Zhou, Mingyuan},
	booktitle={AISTATS},
	year={2015}
}

@article{snijders2017stochastic,
	title={Stochastic actor-oriented models for network dynamics},
	author={Snijders, Tom AB},
	journal={Annual Review of Statistics and Its Application},
	number={0},
	year={2017},
	publisher={Annual Reviews 4139 El Camino Way, PO Box 10139, Palo Alto, California 94303-0139, USA}
}
@incollection{meilua2003comparing,
	title={Comparing clusterings by the variation of information},
	author={Meil{\u{a}}, Marina},
	booktitle={Learning theory and kernel machines},
	pages={173--187},
	year={2003},
	publisher={Springer}
}

@book{brooks2011handbook,
	title={Handbook of Markov Chain Monte Carlo},
	author={Brooks, Steve and Gelman, Andrew and Jones, Galin and Meng, Xiao-Li},
	year={2011},
	publisher={CRC press}
}
@Article{igraph,
	title = {The igraph software package for complex network research},
	author = {Gabor Csardi and Tamas Nepusz},
	journal = {InterJournal},
	volume = {Complex Systems},
	pages = {1695},
	year = {2006},
	url = {http://igraph.org},
}

@Article{Rcpp1,
	title = {{Rcpp}: Seamless {R} and {C++} Integration},
	author = {Dirk Eddelbuettel and Romain Fran\c{c}ois},
	journal = {Journal of Statistical Software},
	year = {2011},
	volume = {40},
	number = {8},
	pages = {1--18},
}

@Book{Rcpp2,
	title = {Seamless {R} and {C++} Integration with {Rcpp}},
	author = {Dirk Eddelbuettel},
	publisher = {Springer},
	address = {New York},
	year = {2013},
	note = {ISBN 978-1-4614-6867-7},
}
@Article{MCMCpack,
title = {{MCMCpack}: Markov Chain Monte Carlo in {R}},
author = {Andrew D. Martin and Kevin M. Quinn and Jong Hee Park},
journal = {Journal of Statistical Software},
year = {2011},
volume = {42},
number = {9},
pages = {22},
}
@book{borg2005modern,
	title={Modern multidimensional scaling: Theory and applications},
	author={Borg, Ingwer and Groenen, Patrick JF},
	year={2005},
	publisher={Springer Science \& Business Media}
}
@article{yao2013simple,
	title={A simple solution to Bayesian mixture labeling},
	author={Yao, Weixin},
	journal={Communications in Statistics-Simulation and Computation},
	volume={42},
	number={4},
	pages={800--813},
	year={2013},
	publisher={Taylor \& Francis}
}
@article{sarkar2005dynamic,
	title={Dynamic social network analysis using latent space models},
	author={Sarkar, Purnamrita and Moore, Andrew W},
	journal={ACM SIGKDD Explorations Newsletter},
	volume={7},
	number={2},
	pages={31--40},
	year={2005},
	publisher={ACM}
}
@article{ward2013gravity,
	title={Gravity’s rainbow: A dynamic latent space model for the world trade network},
	author={Ward, Michael D and Ahlquist, John S and Rozenas, Arturas and others},
	journal={Network Science},
	volume={1},
	number={01},
	pages={95--118},
	year={2013},
	publisher={Cambridge University Press}
}
@manuscript{Morgan2014,
	title={The Latent Path Model for Dynamic Networks},
	author={Morgan, Jason},
	year={2014}
}
@manuscript{Denny2014,
	title={Topic-Conditioned Hierarchical Latent Space Models for Text-Valued Networks},
	author={Denny, Matthew J and Aaron, James ben-Aaron and Wallach, Hanna and Desmarais  Bruce A. },
	year={2014}
}
@inproceedings{rosen2004author,
	title={The author-topic model for authors and documents},
	author={Rosen-Zvi, Michal and Griffiths, Thomas and Steyvers, Mark and Smyth, Padhraic},
	booktitle={Proceedings of the 20th conference on Uncertainty in artificial intelligence},
	pages={487--494},
	year={2004},
	organization={AUAI Press}
}
@article{mccallum2005topic,
	title={Topic and role discovery in social networks},
	author={McCallum, Andrew and Corrada-Emmanuel, Andres and Wang, Xuerui},
	year={2005}
}
@inproceedings{wang2006topics,
	title={Topics over time: a non-Markov continuous-time model of topical trends},
	author={Wang, Xuerui and McCallum, Andrew},
	booktitle={Proceedings of the 12th ACM SIGKDD international conference on Knowledge discovery and data mining},
	pages={424--433},
	year={2006},
	organization={ACM}
}
@article{mimno2008gibbs,
	title={Gibbs sampling for logistic normal topic models with graph-based priors},
	author={Mimno, David and Wallach, Hanna M and McCallum, Andrew},
	year={2008}
}
@inproceedings{blundell2012modelling,
	title={Modelling reciprocating relationships with Hawkes processes},
	author={Blundell, Charles and Beck, Jeff and Heller, Katherine A},
	booktitle={Advances in Neural Information Processing Systems},
	pages={2600--2608},
	year={2012}
}
@inproceedings{blei2006dynamic,
	title={Dynamic topic models},
	author={Blei, David M and Lafferty, John D},
	booktitle={Proceedings of the 23rd international conference on Machine learning},
	pages={113--120},
	year={2006},
	organization={ACM}
}

@article {Butts2008,
author = {Butts, Carter T.},
title = {A RELATIONAL EVENT FRAMEWORK FOR SOCIAL ACTION},
journal = {Sociological Methodology},
volume = {38},
number = {1},
publisher = {Blackwell Publishing Inc},
issn = {1467-9531},
doi = {10.1111/j.1467-9531.2008.00203.x},
pages = {155--200},
year = {2008},
}

@incollection{Krafft2012,
title = {Topic-Partitioned Multinetwork Embeddings},
author = {Peter Krafft and Juston Moore and Bruce Desmarais and Hanna M. Wallach},
booktitle = {Advances in Neural Information Processing Systems 25},
editor = {F. Pereira and C.J.C. Burges and L. Bottou and K.Q. Weinberger},
pages = {2807--2815},
year = {2012},
publisher = {Curran Associates, Inc.},
}

@article{Blei2003,
 author = {Blei, David M. and Ng, Andrew Y. and Jordan, Michael I.},
 title = {Latent Dirichlet Allocation},
 journal = {J. Mach. Learn. Res.},
 issue_date = {3/1/2003},
 volume = {3},
 month = mar,
 year = {2003},
 issn = {1532-4435},
 pages = {993--1022},
 numpages = {30},
 acmid = {944937},
 publisher = {JMLR.org},
} 

@article{hoff2002,
	title = {Latent Space Approaches to Social Network Analysis},
	volume = {97},
	issn = {0162-1459},
	url = {http://www.tandfonline.com/doi/abs/10.1198/016214502388618906},
	doi = {10.1198/016214502388618906},
	abstract = {Network models are widely used to represent relational information among interacting units. In studies of social networks, recent emphasis has been placed on random graph models where the nodes usually represent individual social actors and the edges represent the presence of a specified relation between actors. We develop a class of models where the probability of a relation between actors depends on the positions of individuals in an unobserved ?social space.? We make inference for the social space within maximum likelihood and Bayesian frameworks, and propose Markov chain Monte Carlo procedures for making inference on latent positions and the effects of observed covariates. We present analyses of three standard datasets from the social networks literature, and compare the method to an alternative stochastic blockmodeling approach. In addition to improving on model fit for these datasets, our method provides a visual and interpretable model-based spatial representation of social relationships and improves on existing methods by allowing the statistical uncertainty in the social space to be quantified and graphically represented.},
	number = {460},
	urldate = {2014-01-25},
	journal = {Journal of the American Statistical Association},
	author = {Hoff, Peter D and Raftery, Adrian E and Handcock, Mark S},
	year = {2002},
	pages = {1090--1098},
},

@incollection{Vu2011,
title = {Continuous-Time Regression Models for Longitudinal Networks},
author = {Duy Q. Vu and David Hunter and Padhraic Smyth and Arthur U. Asuncion},
booktitle = {Advances in Neural Information Processing Systems 24},
editor = {J. Shawe-Taylor and R.S. Zemel and P.L. Bartlett and F. Pereira and K.Q. Weinberger},
pages = {2492--2500},
year = {2011},
publisher = {Curran Associates, Inc.},
}

@MISC{Handcock2007,
    author = {Mark S. Handcock and Adrian E. Raftery and Jeremy M. Tantrum},
    title = { Model-based clustering for social networks },
    year = {2007}
}

@article{raftery1996,
	title={Implementing mcmc},
	author={Raftery, Adrian E and Lewis, Steven M},
	journal={Markov chain Monte Carlo in practice},
	pages={115--130},
	year={1996}
}

@article{guimera2006real,
	title={The real communication network behind the formal chart: Community structure in organizations},
	author={Guimera, R and Danon, L and Diaz-Guilera, A and Giralt, F and Arenas, A},
	journal={Journal of Economic Behavior \& Organization},
	volume={61},
	number={4},
	pages={653--667},
	year={2006},
	publisher={Elsevier}
}


@article{tyler2005mail,
	title={E-mail as spectroscopy: Automated discovery of community structure within organizations},
	author={Tyler, Joshua R and Wilkinson, Dennis M and Huberman, Bernardo A},
	journal={The Information Society},
	volume={21},
	number={2},
	pages={143--153},
	year={2005},
	publisher={Taylor \& Francis}
}

@article{newman2002email,
	title={Email networks and the spread of computer viruses},
	author={Newman, Mark EJ and Forrest, Stephanie and Balthrop, Justin},
	journal={Physical Review E},
	volume={66},
	number={3},
	pages={035101},
	year={2002},
	publisher={APS}
}

@inproceedings{hutton2012crowdsourcing,
	title={Crowdsourcing Evaluations of Classifier Interpretability.},
	author={Hutton, Amanda and Liu, Alexander and Martin, Cheryl E},
	booktitle={AAAI Spring Symposium: Wisdom of the Crowd},
	year={2012}
}

@inproceedings{diesner2005exploration,
	title={Exploration of communication networks from the enron email corpus},
	author={Diesner, Jana and Carley, Kathleen M},
	booktitle={SIAM International Conference on Data Mining: Workshop on Link Analysis, Counterterrorism and Security, Newport Beach, CA},
	year={2005},
	organization={Citeseer}
}

@incollection{cox1992regression,
	title={Regression models and life-tables},
	author={Cox, David R},
	booktitle={Breakthroughs in statistics},
	pages={527--541},
	year={1992},
	publisher={Springer}
}

@incollection{gormley2007latent,
	title={A latent space model for rank data},
	author={Gormley, Isobel Claire and Murphy, Thomas Brendan},
	booktitle={Statistical Network Analysis: Models, Issues, and New Directions},
	pages={90--102},
	year={2007},
	publisher={Springer}
}

@article{hawkes1971spectra,
	title={Spectra of some self-exciting and mutually exciting point processes},
	author={Hawkes, Alan G},
	journal={Biometrika},
	volume={58},
	number={1},
	pages={83--90},
	year={1971},
	publisher={Biometrika Trust}
}

@book{zocher2006multivariate,
	title={Multivariate counting processes},
	author={Zocher, Mathias},
	year={2006},
	publisher={Techn. Univ., Inst. f{\"u}r Mathematische Stochastik}
}

@inproceedings{wallach2009rethinking,
	title={Rethinking LDA: Why priors matter},
	author={Wallach, Hanna M and Mimno, David M and McCallum, Andrew},
	booktitle={Advances in neural information processing systems},
	pages={1973--1981},
	year={2009}
}
@misc{minka2000estimating,
	title={Estimating a Dirichlet distribution},
	author={Minka, Thomas},
	year={2000},
	publisher={Technical report, MIT}
}
@article{jasra2005markov,
	title={Markov chain Monte Carlo methods and the label switching problem in Bayesian mixture modeling},
	author={Jasra, Ajay and Holmes, CC and Stephens, DA},
	journal={Statistical Science},
	pages={50--67},
	year={2005},
	publisher={JSTOR}
}
@article{snijders1996stochastic,
	title={Stochastic actor-oriented models for network change},
	author={Snijders, Tom AB},
	journal={Journal of mathematical sociology},
	volume={21},
	number={1-2},
	pages={149--172},
	year={1996},
	publisher={Taylor \& Francis}
}
@inproceedings{fellows2017removing,
	title={Removing Phase Transitions from Gibbs Measures},
	author={Fellows, Ian and Handcock, Mark},
	booktitle={Artificial Intelligence and Statistics},
	pages={289--297},
	year={2017}
}

@article{griffiths2004finding,
	title={Finding scientific topics},
	author={Griffiths, Thomas L and Steyvers, Mark},
	journal={Proceedings of the National academy of Sciences},
	volume={101},
	number={suppl 1},
	pages={5228--5235},
	year={2004},
	publisher={National Acad Sciences}
}

@article{griffiths2002gibbs,
	title={Gibbs sampling in the generative model of latent dirichlet allocation},
	author={Griffiths, Tom},
	year={2002},
	publisher={Citeseer}
}